@book{USN,
	author="Charles Kadushin",
	title="Understanding Social Networks",
	pages="18-19",
}

@book{ESB,
  author="Jon Elster",
  title="Explaining Social Behavior",
  pages="192",
}

@ARTICLE{WSTech,
   author = {{Watts}, D.~J. and {Strogatz}, S.~H.},
    title = "{Collective dynamics of `small-world' networks}",
     year = 1998,
    month = jun,
   volume = 393,
    pages = {440-442},
  adsnote = {Provided by the SAO/NASA Astrophysics Data System}
}

@article{BAMod,
  title = {Statistical mechanics of complex networks},
  author = {Albert, R\'eka and Barab\'asi, Albert-L\'aszl\'o},
  journal = {Rev. Mod. Phys.},
  volume = {74},
  issue = {1},
  pages = {47--97},
  year = {2002},
  month = {Jan},
  doi = {10.1103/RevModPhys.74.47},
  url = {http://link.aps.org/doi/10.1103/RevModPhys.74.47},
  publisher = {American Physical Society}
}

@misc{SmokStats,
    %author    = "Health and Social Care Information Centre (HSCIC), Lifestyle Statistics",
    %title     = "Statistics on Smoking: England 2012",
    %year     = "2012",
    %month    = "August",
    %note     = "",
}