--------------------------------------
--------------------------------------
      INTRODUCTION
--------------------------------------
--------------------------------------
@inbook{USN-4,
author="Charles Kadushin",
title="Understanding Social Networks: Theories, Concepts and Findings",
chapter="1",
pages="4",
publisher="Oxford University Press",
year="2012"
}

@incollection{NHS-78,
  author="Paul Eastwood",
  title="{Statistics on Smoking: England 2012}",
  chapter="2",
  pages="78",
  publisher="Health and Social Care Information Centre, Lifestyle Sections",
  month="August",
  year="2012",
}
@incollection{NHS-44,
  author="Paul Eastwood",
  title="Statistics on Smoking: England 2012",
  chapter="3",
  pages="44",
  publisher="Health and Social Care Information Centre, Lifestyle Sections",
  month="August",
  year="2012",
}
--------------------------------------
--------------------------------------
			RESEARCH & LR
--------------------------------------
--------------------------------------
@inbook{NetMark-21,
author="Jon Kleinberg and David Easley",
title="Networks, Crowds and Markets: Reasoning About a Highly Connected World",
chapter="2",
pages="21-22",
publisher="Cambridge University Press",
year="2010"
}
@inbook{USN-14,
author="Charles Kadushin",
title="Understanding Social Networks: Theories, Concepts and Findings",
chapter="4",
pages="44",
publisher="Oxford University Press",
year="2012"
}
@inbook{USN-18,
author="Charles Kadushin",
title="Understanding Social Networks: Theories, Concepts and Findings",
chapter="2",
pages="18-20",
publisher="Oxford University Press",
year="2012"
}

@inbook{NetMark-44,
author="Jon Kleinberg and David Easley",
title="Networks, Crowds and Markets: Reasoning About a Highly Connected World",
chapter="3",
pages="44",
publisher="Cambridge University Press",
year="2010"
}
@inbook{NetMark-44-cluster,
author="Jon Kleinberg and David Easley",
title="Networks, Crowds and Markets: Reasoning About a Highly Connected World",
chapter="3",
pages="44-45",
publisher="Cambridge University Press",
year="2010"
}
@inbook{NetMark-46,
author="Jon Kleinberg and David Easley",
title="Networks, Crowds and Markets: Reasoning About a Highly Connected World",
chapter="3",
pages="46-48",
publisher="Cambridge University Press",
year="2010"
}
@inbook{NetMark-66,
author="Jon Kleinberg and David Easley",
title="Networks, Crowds and Markets: Reasoning About a Highly Connected World",
chapter="3",
pages="66-67",
publisher="Cambridge University Press",
year="2010"
}
@inbook{NetMark-81,
author="Jon Kleinberg and David Easley",
title="Networks, Crowds and Markets: Reasoning About a Highly Connected World",
chapter="4",
pages="81-82",
publisher="Cambridge University Press",
year="2010"
}

@inproceedings{inf-papers,
 author = {Kempe, David and Kleinberg, Jon and Tardos, \'{E}va},
 title = {Maximizing the spread of influence through a social network},
 booktitle = {Proceedings of the ninth ACM SIGKDD international conference on Knowledge discovery and data mining},
 series = {KDD '03},
 year = {2003},
 pages = {137--146},
 publisher = {ACM}
} 

@inproceedings{erdos,
    author = {Erd\"{o}s, P. and R\'{e}nyi, A.},
    journal = {Publicationes Mathematicae (Debrecen)},
    pages = {290--297},
    title = {{On random graphs, I}},
    volume = {6},
    year = {1959}
}

@article{BA-SciAm,
    author    = "Albert-L\`{a}szl\'{o} and Eric Bonabeau",
    title     = "Scale-Free Networks",
    journal   = "Scientific American",
    number   = "288",
    pages    = "60-69",
    year      = "2003",
    month    = "May"
}

@ARTICLE{milgram,
    author = {Jeffrey Travers and Stanley Milgram and Jeffrey Travers and Stanley Milgram},
    title = {An Experimental Study of the Small World Problem},
    journal = {Sociometry},
    year = {1969},
    volume = {32},
    pages = {425--443}
}

small-world paper
@article{small-world,
  title={Collective dynamics of `small-world' networks},
  author={Watts, Duncan J and Strogatz, Steven H},
  journal={nature},
  volume={393},
  number={6684},
  pages={440--442},
  year={1998},
  publisher={Nature Publishing Group}
}

@article{BAStat,
  title={Statistical mechanics of complex networks},
  author={Albert, R{\'e}ka and Barab{\'a}si, Albert-L{\'a}szl{\'o}},
  journal={Reviews of modern physics},
  volume={74},
  number={1},
  pages={47},
  year={2002},
  publisher={APS}
}

NHS 13, 14, 43
@incollection{NHS-12,
  author="Paul Eastwood",
  title="Statistics on Smoking: England 2012",
  chapter="2",
  pages="12",
  publisher="Health and Social Care Information Centre, Lifestyle Sections",
  month="August",
  year="2012",
}
@incollection{NHS-13,
	author="Paul Eastwood",
	title="Statistics on Smoking: England 2012",
	chapter="2",
	pages="13",
	publisher="Health and Social Care Information Centre, Lifestyle Sections",
	month="August",
	year="2012",
}
@incollection{NHS-14,
	author="Paul Eastwood",
	title="Statistics on Smoking: England 2012",
	chapter="2",
	pages="14",
	publisher="Health and Social Care Information Centre, Lifestyle Sections",
	month="August",
	year="2012",
}
@incollection{NHS-43,
	author="Paul Eastwood",
	title="Statistics on Smoking: England 2012",
	chapter="3",
	pages="13",
	publisher="Health and Social Care Information Centre, Lifestyle Sections",
	month="August",
	year="2012",
}

@incollection{SmokOmni,
	author="Robert Axtell and Steven Durlauf and Joshua M. Epstein and Ross Hammond
	and Ben Klemens and Jon Parker and Zirui Song and Thomas Valente and H. Peyton Young",
	title="Social Influences and Smoking Behaviour",
	publisher="The Brookings Institution",
	month="February",
	year="2006",
}

@incollection{SmokBig,
  author="Deborah Lader",
  title="Opinions Survey Report No. 40: Smoking-related Behaviour and Attitudes 2008/9",
  chapter="3",
  publisher="Office for National Statistics",
  year="2009",
}

@incollection{SmokOmni-pap1,
	author="Zirui Song",
	title="Social Influences and Smoking Behaviour",
	chapter="Addiction and Cessation Functions in the Agent‚ÄêBased Smoking Model",
	publisher="The Brookings Institution",
	month="February",
	year="2006",
}	
@incollection{SmokOmni-pap2,
	author="Ross Hammond",
	title="Social Influences and Smoking Behaviour",
	chapter="Social Influence, Reactance, and Tobacco",
	publisher="The Brookings Institution",
	month="February",
	year="2006",
}	
@incollection{SmokOmni-pap3,
	author="Ben Klemens",
	title="Social Influences and Smoking Behaviour",
	chapter="How to Form a Network of Junior High School Students",
	publisher="The Brookings Institution",
	month="February",
	year="2006",
}	
 malaysian study
@Article{malay,
AUTHOR = {Ghani, Wan and Razak, Ishak and Yang, Yi and Talib, Norain and Ikeda, Noriaki and Axell, Tony and Gupta, Prakash and Handa, Yujiro and Abdullah, Norlida and Zain, Rosnah},
TITLE = {Factors affecting commencement and cessation of smoking behaviour in Malaysian adults},
JOURNAL = {BMC Public Health},
VOLUME = {12},
YEAR = {2012},
NUMBER = {1},
PAGES = {207},
}

UCL cessation
@article{UCL-Cess,
title = "Attempts to quit smoking and relapse: Factors associated with success or failure from the \{ATTEMPT\} cohort study ",
journal = "Addictive Behaviors ",
volume = "34",
number = "4",
pages = "365 - 373",
year = "2009",
author = "Xiaolei Zhou and James Nonnemaker and Beth Sherrill and Alicia W. Gilsenan and Florence Coste and Robert West",
}

@article{framingham,
	Author = {Dawber, Thomas R. and Meadors, Gilcin F. and Moore, Felix E.},
	Date = {1951/03/01},
	Journal = {American Journal of Public Health and the Nations Health},
	Number = {3},
	Pages = {279--286},
	Publisher = {American Public Health Association},
	Title = {Epidemiological Approaches to Heart Disease: The Framingham Study *},
	Volume = {41},
	Year = {1951},
}

@article{obPap,
  title={The spread of obesity in a large social network over 32 years},
  author={Christakis, Nicholas A and Fowler, James H},
  journal={New England journal of medicine},
  volume={357},
  number={4},
  pages={370--379},
  year={2007},
  publisher={Mass Medical Soc}
}
@article{repast-tut,
  title={Tutorial on agent-based modelling and simulation},
  author={Macal, Charles M and North, Michael J},
  journal={Journal of Simulation},
  volume={4},
  number={3},
  pages={151--162},
  year={2010},
  publisher={Nature Publishing Group}
}

@article{ABMMethTech,
  title={Agent-based modeling: Methods and techniques for simulating human systems},
  author={Bonabeau, Eric},
  journal={Proceedings of the National Academy of Sciences of the United States of America},
  volume={99},
  number={Suppl 3},
  pages={7280--7287},
  year={2002},
  publisher={National Acad Sciences}
}

UCL paper ABM
@article{UCL-ABM,
  title={Principles and concepts of agent-based modelling for developing geospatial simulations},
  author={Castle, Christian JE and Crooks, Andrew T},
  year={2006},
  publisher={Centre for Advanced Spatial Analysis (UCL), UCL (University College London), Centre for Advanced Spatial Analysis (UCL)}
}



IEEE paper
@INPROCEEDINGS{ABM-IEEE, 
author={Frias-Martinez, E. and Williamson, G. and Frias-Martinez, V.}, 
booktitle={Privacy, security, risk and trust (passat), 2011 ieee third international conference on and 2011 ieee third international conference on social computing (socialcom)}, 
title={An Agent-Based Model of Epidemic Spread Using Human Mobility and Social Network Information}, 
year={2011}, 
pages={57-64}, 
}

@article{emergency,
  title={Agent-based simulation for large-scale emergency response: A survey of usage and implementation},
  author={Hawe, Glenn I and Coates, Graham and Wilson, Duncan T and Crouch, Roger S},
  journal={ACM Computing Surveys (CSUR)},
  volume={45},
  number={1},
  pages={8},
  year={2012},
  publisher={ACM}
}

@article{epid,
  title={Social network analysis and agent-based modeling in social epidemiology},
  author={El-Sayed, Abdulrahman M and Scarborough, Peter and Seemann, Lars and Galea, Sandro},
  journal={Epidemiologic Perspectives \& Innovations},
  volume={9},
  number={1},
  pages={1},
  year={2012},
  publisher={BioMed Central Ltd}
}

@article{droves,
  title={The collective dynamics of smoking in a large social network},
  author={Christakis, Nicholas A and Fowler, James H},
  journal={New England journal of medicine},
  volume={358},
  number={21},
  pages={2249--2258},
  year={2008},
  publisher={Mass Medical Soc}
}

--------------------------------------
--------------------------------------
			IMPLEMENTATION
--------------------------------------
--------------------------------------

repast q n a

repast big citation
@article{repast-main,
year={2013},
journal={Complex Adaptive Systems Modeling},
volume={1},
number={1},
title={Complex adaptive systems modeling with Repast Simphony},
publisher={Springer-Verlag},
author={North, Michael J and Collier, Nicholson T and Ozik, Jonathan and Tatara, Eric R and Macal, Charles M and Bragen, Mark and Sydelko, Pam},
pages={1-26},
}
http://repast.sourceforge.net/
@MISC{repast-simp,
    title = {Repast Simphony},
    howpublished = {\url{http://repast.sourceforge.net/repast_simphony.html}},
    note = {Accessed: 2013-04-21}
}
@MISC{repast-HPC,
    title = {Repast for High Performance Computing},
    howpublished = {\url{http://repast.sourceforge.net/repast_hpc.html}},
    note = {Accessed: 2013-04-21}
}

@MISC{graphml,
    author = {Ulrik Brandes and Markus Eiglsperger and Ivan Herman and Michael Himsolt and M. Scott Marshall},
    title = {GraphML Progress Report - Structural Layer Proposal},
    year = {2002}
}
@misc{SNAP,
  title = {Stanford Network Analysis Platform},
  howpublished = {\url{http://snap.stanford.edu/about.html}},
  note = {Accessed: 2013-04-15}
}
@misc{SNAP-email,
  title = {Stanford Network Analysis Platform - EU email communication network},
  howpublished = {\url{http://snap.stanford.edu/data/email-EuAll.html}},
  note = {Accessed: 2013-04-15}
}


@article{snowball,
  title={Snowball sampling},
  author={Goodman, Leo A},
  journal={The annals of mathematical statistics},
  volume={32},
  number={1},
  pages={148--170},
  year={1961},
  publisher={Institute of Mathematical Statistics}
}



